%YAML 1.1
%TAG !u! tag:unity3d.com,2011:
--- !u!29 &1
OcclusionCullingSettings:
  m_ObjectHideFlags: 0
  serializedVersion: 2
  m_OcclusionBakeSettings:
    smallestOccluder: 5
    smallestHole: 0.25
    backfaceThreshold: 100
  m_SceneGUID: 00000000000000000000000000000000
  m_OcclusionCullingData: {fileID: 0}
--- !u!104 &2
RenderSettings:
  m_ObjectHideFlags: 0
  serializedVersion: 9
  m_Fog: 0
  m_FogColor: {r: 0.5, g: 0.5, b: 0.5, a: 1}
  m_FogMode: 3
  m_FogDensity: 0.01
  m_LinearFogStart: 0
  m_LinearFogEnd: 300
  m_AmbientSkyColor: {r: 0.212, g: 0.227, b: 0.259, a: 1}
  m_AmbientEquatorColor: {r: 0.114, g: 0.125, b: 0.133, a: 1}
  m_AmbientGroundColor: {r: 0.047, g: 0.043, b: 0.035, a: 1}
  m_AmbientIntensity: 1
  m_AmbientMode: 3
  m_SubtractiveShadowColor: {r: 0.42, g: 0.478, b: 0.627, a: 1}
  m_SkyboxMaterial: {fileID: 0}
  m_HaloStrength: 0.5
  m_FlareStrength: 1
  m_FlareFadeSpeed: 3
  m_HaloTexture: {fileID: 0}
  m_SpotCookie: {fileID: 10001, guid: 0000000000000000e000000000000000, type: 0}
  m_DefaultReflectionMode: 0
  m_DefaultReflectionResolution: 128
  m_ReflectionBounces: 1
  m_ReflectionIntensity: 1
  m_CustomReflection: {fileID: 0}
  m_Sun: {fileID: 0}
  m_IndirectSpecularColor: {r: 0, g: 0, b: 0, a: 1}
  m_UseRadianceAmbientProbe: 0
--- !u!157 &3
LightmapSettings:
  m_ObjectHideFlags: 0
  serializedVersion: 11
  m_GIWorkflowMode: 1
  m_GISettings:
    serializedVersion: 2
    m_BounceScale: 1
    m_IndirectOutputScale: 1
    m_AlbedoBoost: 1
    m_TemporalCoherenceThreshold: 1
    m_EnvironmentLightingMode: 0
    m_EnableBakedLightmaps: 0
    m_EnableRealtimeLightmaps: 0
  m_LightmapEditorSettings:
    serializedVersion: 10
    m_Resolution: 2
    m_BakeResolution: 40
    m_AtlasSize: 1024
    m_AO: 0
    m_AOMaxDistance: 1
    m_CompAOExponent: 1
    m_CompAOExponentDirect: 0
    m_Padding: 2
    m_LightmapParameters: {fileID: 0}
    m_LightmapsBakeMode: 1
    m_TextureCompression: 1
    m_FinalGather: 0
    m_FinalGatherFiltering: 1
    m_FinalGatherRayCount: 256
    m_ReflectionCompression: 2
    m_MixedBakeMode: 2
    m_BakeBackend: 0
    m_PVRSampling: 1
    m_PVRDirectSampleCount: 32
    m_PVRSampleCount: 500
    m_PVRBounces: 2
    m_PVRFilterTypeDirect: 0
    m_PVRFilterTypeIndirect: 0
    m_PVRFilterTypeAO: 0
    m_PVRFilteringMode: 1
    m_PVRCulling: 1
    m_PVRFilteringGaussRadiusDirect: 1
    m_PVRFilteringGaussRadiusIndirect: 5
    m_PVRFilteringGaussRadiusAO: 2
    m_PVRFilteringAtrousPositionSigmaDirect: 0.5
    m_PVRFilteringAtrousPositionSigmaIndirect: 2
    m_PVRFilteringAtrousPositionSigmaAO: 1
    m_ShowResolutionOverlay: 1
  m_LightingDataAsset: {fileID: 0}
  m_UseShadowmask: 1
--- !u!196 &4
NavMeshSettings:
  serializedVersion: 2
  m_ObjectHideFlags: 0
  m_BuildSettings:
    serializedVersion: 2
    agentTypeID: 0
    agentRadius: 0.5
    agentHeight: 2
    agentSlope: 45
    agentClimb: 0.4
    ledgeDropHeight: 0
    maxJumpAcrossDistance: 0
    minRegionArea: 2
    manualCellSize: 0
    cellSize: 0.16666667
    manualTileSize: 0
    tileSize: 256
    accuratePlacement: 0
    debug:
      m_Flags: 0
  m_NavMeshData: {fileID: 0}
--- !u!1001 &252387485
Prefab:
  m_ObjectHideFlags: 0
  serializedVersion: 2
  m_Modification:
    m_TransformParent: {fileID: 1397794703}
    m_Modifications:
    - target: {fileID: 224256988466993562, guid: 4446d11d5ff95f540a30fa0e745059aa,
        type: 2}
      propertyPath: m_LocalPosition.x
      value: 0
      objectReference: {fileID: 0}
    - target: {fileID: 224256988466993562, guid: 4446d11d5ff95f540a30fa0e745059aa,
        type: 2}
      propertyPath: m_LocalPosition.y
      value: 0
      objectReference: {fileID: 0}
    - target: {fileID: 224256988466993562, guid: 4446d11d5ff95f540a30fa0e745059aa,
        type: 2}
      propertyPath: m_LocalPosition.z
      value: 0
      objectReference: {fileID: 0}
    - target: {fileID: 224256988466993562, guid: 4446d11d5ff95f540a30fa0e745059aa,
        type: 2}
      propertyPath: m_LocalRotation.x
      value: -0
      objectReference: {fileID: 0}
    - target: {fileID: 224256988466993562, guid: 4446d11d5ff95f540a30fa0e745059aa,
        type: 2}
      propertyPath: m_LocalRotation.y
      value: -0
      objectReference: {fileID: 0}
    - target: {fileID: 224256988466993562, guid: 4446d11d5ff95f540a30fa0e745059aa,
        type: 2}
      propertyPath: m_LocalRotation.z
      value: -0
      objectReference: {fileID: 0}
    - target: {fileID: 224256988466993562, guid: 4446d11d5ff95f540a30fa0e745059aa,
        type: 2}
      propertyPath: m_LocalRotation.w
      value: 1
      objectReference: {fileID: 0}
    - target: {fileID: 224256988466993562, guid: 4446d11d5ff95f540a30fa0e745059aa,
        type: 2}
      propertyPath: m_RootOrder
      value: 2
      objectReference: {fileID: 0}
    - target: {fileID: 224256988466993562, guid: 4446d11d5ff95f540a30fa0e745059aa,
        type: 2}
      propertyPath: m_AnchoredPosition.x
      value: 959.3
      objectReference: {fileID: 0}
    - target: {fileID: 224256988466993562, guid: 4446d11d5ff95f540a30fa0e745059aa,
        type: 2}
      propertyPath: m_AnchoredPosition.y
      value: -772.8905
      objectReference: {fileID: 0}
    - target: {fileID: 224256988466993562, guid: 4446d11d5ff95f540a30fa0e745059aa,
        type: 2}
      propertyPath: m_SizeDelta.x
      value: 1889.8
      objectReference: {fileID: 0}
    - target: {fileID: 224256988466993562, guid: 4446d11d5ff95f540a30fa0e745059aa,
        type: 2}
      propertyPath: m_SizeDelta.y
      value: 612.39
      objectReference: {fileID: 0}
    - target: {fileID: 224256988466993562, guid: 4446d11d5ff95f540a30fa0e745059aa,
        type: 2}
      propertyPath: m_AnchorMin.x
      value: 0
      objectReference: {fileID: 0}
    - target: {fileID: 224256988466993562, guid: 4446d11d5ff95f540a30fa0e745059aa,
        type: 2}
      propertyPath: m_AnchorMin.y
      value: 1
      objectReference: {fileID: 0}
    - target: {fileID: 224256988466993562, guid: 4446d11d5ff95f540a30fa0e745059aa,
        type: 2}
      propertyPath: m_AnchorMax.x
      value: 0
      objectReference: {fileID: 0}
    - target: {fileID: 224256988466993562, guid: 4446d11d5ff95f540a30fa0e745059aa,
        type: 2}
      propertyPath: m_AnchorMax.y
      value: 1
      objectReference: {fileID: 0}
    - target: {fileID: 224256988466993562, guid: 4446d11d5ff95f540a30fa0e745059aa,
        type: 2}
      propertyPath: m_Pivot.x
      value: 0.5
      objectReference: {fileID: 0}
    - target: {fileID: 224256988466993562, guid: 4446d11d5ff95f540a30fa0e745059aa,
        type: 2}
      propertyPath: m_Pivot.y
      value: 0.5
      objectReference: {fileID: 0}
    m_RemovedComponents: []
  m_ParentPrefab: {fileID: 100100000, guid: 4446d11d5ff95f540a30fa0e745059aa, type: 2}
  m_IsPrefabParent: 0
--- !u!1 &297942415
GameObject:
  m_ObjectHideFlags: 0
  m_PrefabParentObject: {fileID: 0}
  m_PrefabInternal: {fileID: 0}
  serializedVersion: 5
  m_Component:
  - component: {fileID: 297942416}
  - component: {fileID: 297942418}
  - component: {fileID: 297942417}
  m_Layer: 5
  m_Name: Checkmark
  m_TagString: Untagged
  m_Icon: {fileID: 0}
  m_NavMeshLayer: 0
  m_StaticEditorFlags: 0
  m_IsActive: 1
--- !u!224 &297942416
RectTransform:
  m_ObjectHideFlags: 0
  m_PrefabParentObject: {fileID: 0}
  m_PrefabInternal: {fileID: 0}
  m_GameObject: {fileID: 297942415}
  m_LocalRotation: {x: 0, y: 0, z: 0, w: 1}
  m_LocalPosition: {x: 0, y: 0, z: 0}
  m_LocalScale: {x: 1, y: 1, z: 1}
  m_Children: []
  m_Father: {fileID: 1986381769}
  m_RootOrder: 0
  m_LocalEulerAnglesHint: {x: 0, y: 0, z: 0}
  m_AnchorMin: {x: 0.5, y: 0.5}
  m_AnchorMax: {x: 0.5, y: 0.5}
  m_AnchoredPosition: {x: 0, y: 0}
  m_SizeDelta: {x: 40, y: 40}
  m_Pivot: {x: 0.5, y: 0.5}
--- !u!114 &297942417
MonoBehaviour:
  m_ObjectHideFlags: 0
  m_PrefabParentObject: {fileID: 0}
  m_PrefabInternal: {fileID: 0}
  m_GameObject: {fileID: 297942415}
  m_Enabled: 1
  m_EditorHideFlags: 0
  m_Script: {fileID: -765806418, guid: f70555f144d8491a825f0804e09c671c, type: 3}
  m_Name: 
  m_EditorClassIdentifier: 
  m_Material: {fileID: 0}
  m_Color: {r: 1, g: 1, b: 1, a: 1}
  m_RaycastTarget: 1
  m_OnCullStateChanged:
    m_PersistentCalls:
      m_Calls: []
    m_TypeName: UnityEngine.UI.MaskableGraphic+CullStateChangedEvent, UnityEngine.UI,
      Version=1.0.0.0, Culture=neutral, PublicKeyToken=null
  m_Sprite: {fileID: 10901, guid: 0000000000000000f000000000000000, type: 0}
  m_Type: 0
  m_PreserveAspect: 0
  m_FillCenter: 1
  m_FillMethod: 4
  m_FillAmount: 1
  m_FillClockwise: 1
  m_FillOrigin: 0
--- !u!222 &297942418
CanvasRenderer:
  m_ObjectHideFlags: 0
  m_PrefabParentObject: {fileID: 0}
  m_PrefabInternal: {fileID: 0}
  m_GameObject: {fileID: 297942415}
--- !u!1 &466154733
GameObject:
  m_ObjectHideFlags: 0
  m_PrefabParentObject: {fileID: 0}
  m_PrefabInternal: {fileID: 0}
  serializedVersion: 5
  m_Component:
  - component: {fileID: 466154734}
  - component: {fileID: 466154735}
  m_Layer: 5
  m_Name: AutoToggle
  m_TagString: Untagged
  m_Icon: {fileID: 0}
  m_NavMeshLayer: 0
  m_StaticEditorFlags: 0
  m_IsActive: 1
--- !u!224 &466154734
RectTransform:
  m_ObjectHideFlags: 0
  m_PrefabParentObject: {fileID: 0}
  m_PrefabInternal: {fileID: 0}
  m_GameObject: {fileID: 466154733}
  m_LocalRotation: {x: 0, y: 0, z: 0, w: 1}
  m_LocalPosition: {x: 0, y: 0, z: 0}
  m_LocalScale: {x: 1, y: 1, z: 1}
  m_Children:
  - {fileID: 1986381769}
  - {fileID: 1259181317}
  m_Father: {fileID: 1629764417}
  m_RootOrder: 7
  m_LocalEulerAnglesHint: {x: 0, y: 0, z: 0}
  m_AnchorMin: {x: 0.5, y: 0.5}
  m_AnchorMax: {x: 0.5, y: 0.5}
  m_AnchoredPosition: {x: -470.79, y: -90}
  m_SizeDelta: {x: 202.4, y: 48.68}
  m_Pivot: {x: 0.5, y: 0.5}
--- !u!114 &466154735
MonoBehaviour:
  m_ObjectHideFlags: 0
  m_PrefabParentObject: {fileID: 0}
  m_PrefabInternal: {fileID: 0}
  m_GameObject: {fileID: 466154733}
  m_Enabled: 1
  m_EditorHideFlags: 0
  m_Script: {fileID: 2109663825, guid: f70555f144d8491a825f0804e09c671c, type: 3}
  m_Name: 
  m_EditorClassIdentifier: 
  m_Navigation:
    m_Mode: 3
    m_SelectOnUp: {fileID: 0}
    m_SelectOnDown: {fileID: 0}
    m_SelectOnLeft: {fileID: 0}
    m_SelectOnRight: {fileID: 0}
  m_Transition: 1
  m_Colors:
    m_NormalColor: {r: 1, g: 1, b: 1, a: 1}
    m_HighlightedColor: {r: 0.9607843, g: 0.9607843, b: 0.9607843, a: 1}
    m_PressedColor: {r: 0.78431374, g: 0.78431374, b: 0.78431374, a: 1}
    m_DisabledColor: {r: 0.78431374, g: 0.78431374, b: 0.78431374, a: 0.5019608}
    m_ColorMultiplier: 1
    m_FadeDuration: 0.1
  m_SpriteState:
    m_HighlightedSprite: {fileID: 0}
    m_PressedSprite: {fileID: 0}
    m_DisabledSprite: {fileID: 0}
  m_AnimationTriggers:
    m_NormalTrigger: Normal
    m_HighlightedTrigger: Highlighted
    m_PressedTrigger: Pressed
    m_DisabledTrigger: Disabled
  m_Interactable: 1
  m_TargetGraphic: {fileID: 1986381770}
  toggleTransition: 1
  graphic: {fileID: 297942417}
  m_Group: {fileID: 0}
  onValueChanged:
    m_PersistentCalls:
      m_Calls:
      - m_Target: {fileID: 994578424}
        m_MethodName: SetAutomatic
        m_Mode: 1
        m_Arguments:
          m_ObjectArgument: {fileID: 0}
          m_ObjectArgumentAssemblyTypeName: UnityEngine.Object, UnityEngine
          m_IntArgument: 0
          m_FloatArgument: 0
          m_StringArgument: 
          m_BoolArgument: 0
        m_CallState: 2
    m_TypeName: UnityEngine.UI.Toggle+ToggleEvent, UnityEngine.UI, Version=1.0.0.0,
      Culture=neutral, PublicKeyToken=null
  m_IsOn: 0
--- !u!1 &519420028
GameObject:
  m_ObjectHideFlags: 0
  m_PrefabParentObject: {fileID: 0}
  m_PrefabInternal: {fileID: 0}
  serializedVersion: 5
  m_Component:
  - component: {fileID: 519420032}
  - component: {fileID: 519420031}
  - component: {fileID: 519420029}
  m_Layer: 0
  m_Name: Main Camera
  m_TagString: MainCamera
  m_Icon: {fileID: 0}
  m_NavMeshLayer: 0
  m_StaticEditorFlags: 0
  m_IsActive: 1
--- !u!81 &519420029
AudioListener:
  m_ObjectHideFlags: 0
  m_PrefabParentObject: {fileID: 0}
  m_PrefabInternal: {fileID: 0}
  m_GameObject: {fileID: 519420028}
  m_Enabled: 1
--- !u!20 &519420031
Camera:
  m_ObjectHideFlags: 0
  m_PrefabParentObject: {fileID: 0}
  m_PrefabInternal: {fileID: 0}
  m_GameObject: {fileID: 519420028}
  m_Enabled: 1
  serializedVersion: 2
  m_ClearFlags: 2
  m_BackGroundColor: {r: 0.19215688, g: 0.4745098, b: 0.42864108, a: 0}
  m_NormalizedViewPortRect:
    serializedVersion: 2
    x: 0
    y: 0
    width: 1
    height: 1
  near clip plane: 0.3
  far clip plane: 1000
  field of view: 60
  orthographic: 1
  orthographic size: 5
  m_Depth: -1
  m_CullingMask:
    serializedVersion: 2
    m_Bits: 4294967295
  m_RenderingPath: -1
  m_TargetTexture: {fileID: 0}
  m_TargetDisplay: 0
  m_TargetEye: 0
  m_HDR: 1
  m_AllowMSAA: 0
  m_AllowDynamicResolution: 0
  m_ForceIntoRT: 0
  m_OcclusionCulling: 0
  m_StereoConvergence: 10
  m_StereoSeparation: 0.022
--- !u!4 &519420032
Transform:
  m_ObjectHideFlags: 0
  m_PrefabParentObject: {fileID: 0}
  m_PrefabInternal: {fileID: 0}
  m_GameObject: {fileID: 519420028}
  m_LocalRotation: {x: 0, y: 0, z: 0, w: 1}
  m_LocalPosition: {x: 0, y: 0, z: -10}
  m_LocalScale: {x: 1, y: 1, z: 1}
  m_Children: []
  m_Father: {fileID: 0}
  m_RootOrder: 0
  m_LocalEulerAnglesHint: {x: 0, y: 0, z: 0}
--- !u!1 &524937294 stripped
GameObject:
  m_PrefabParentObject: {fileID: 1377533739528946, guid: 2c8b423e3a52fae4fb938909d419f46b,
    type: 2}
  m_PrefabInternal: {fileID: 1763336124}
--- !u!114 &524937295
MonoBehaviour:
  m_ObjectHideFlags: 0
  m_PrefabParentObject: {fileID: 0}
  m_PrefabInternal: {fileID: 0}
  m_GameObject: {fileID: 524937294}
  m_Enabled: 1
  m_EditorHideFlags: 0
  m_Script: {fileID: 11500000, guid: 106c6113ad1661246af93e1598e8eb23, type: 3}
  m_Name: 
  m_EditorClassIdentifier: 
  fBase: {fileID: 994578423}
--- !u!1 &994578423 stripped
GameObject:
  m_PrefabParentObject: {fileID: 1169081945551894, guid: 2c8b423e3a52fae4fb938909d419f46b,
    type: 2}
  m_PrefabInternal: {fileID: 1763336124}
--- !u!114 &994578424 stripped
MonoBehaviour:
  m_PrefabParentObject: {fileID: 114570912227439802, guid: 2c8b423e3a52fae4fb938909d419f46b,
    type: 2}
  m_PrefabInternal: {fileID: 1763336124}
  m_Script: {fileID: 11500000, guid: f6d95e8a506f4a54da8879f4f44c226d, type: 3}
--- !u!1 &1129763207 stripped
GameObject:
  m_PrefabParentObject: {fileID: 1411685302346764, guid: 96d48c84d794d96458324bebfb3b953e,
    type: 2}
  m_PrefabInternal: {fileID: 1850736028}
--- !u!224 &1129763208 stripped
RectTransform:
  m_PrefabParentObject: {fileID: 224789556845081270, guid: 96d48c84d794d96458324bebfb3b953e,
    type: 2}
  m_PrefabInternal: {fileID: 1850736028}
--- !u!114 &1129763212 stripped
MonoBehaviour:
  m_PrefabParentObject: {fileID: 114215015685573284, guid: 96d48c84d794d96458324bebfb3b953e,
    type: 2}
  m_PrefabInternal: {fileID: 1850736028}
  m_Script: {fileID: 11500000, guid: 63fa8b0bd07ce084c8d4494ecf2f8679, type: 3}
--- !u!1001 &1207450594
Prefab:
  m_ObjectHideFlags: 0
  serializedVersion: 2
  m_Modification:
    m_TransformParent: {fileID: 1397794703}
    m_Modifications:
    - target: {fileID: 224721123728941780, guid: c37f2840d42d3d944810edbced8f30a4,
        type: 2}
      propertyPath: m_LocalPosition.x
      value: 0
      objectReference: {fileID: 0}
    - target: {fileID: 224721123728941780, guid: c37f2840d42d3d944810edbced8f30a4,
        type: 2}
      propertyPath: m_LocalPosition.y
      value: 0
      objectReference: {fileID: 0}
    - target: {fileID: 224721123728941780, guid: c37f2840d42d3d944810edbced8f30a4,
        type: 2}
      propertyPath: m_LocalPosition.z
      value: 0
      objectReference: {fileID: 0}
    - target: {fileID: 224721123728941780, guid: c37f2840d42d3d944810edbced8f30a4,
        type: 2}
      propertyPath: m_LocalRotation.x
      value: -0
      objectReference: {fileID: 0}
    - target: {fileID: 224721123728941780, guid: c37f2840d42d3d944810edbced8f30a4,
        type: 2}
      propertyPath: m_LocalRotation.y
      value: -0
      objectReference: {fileID: 0}
    - target: {fileID: 224721123728941780, guid: c37f2840d42d3d944810edbced8f30a4,
        type: 2}
      propertyPath: m_LocalRotation.z
      value: -0
      objectReference: {fileID: 0}
    - target: {fileID: 224721123728941780, guid: c37f2840d42d3d944810edbced8f30a4,
        type: 2}
      propertyPath: m_LocalRotation.w
      value: 1
      objectReference: {fileID: 0}
    - target: {fileID: 224721123728941780, guid: c37f2840d42d3d944810edbced8f30a4,
        type: 2}
      propertyPath: m_RootOrder
      value: 0
      objectReference: {fileID: 0}
    - target: {fileID: 224721123728941780, guid: c37f2840d42d3d944810edbced8f30a4,
        type: 2}
      propertyPath: m_AnchoredPosition.x
      value: 350.32
      objectReference: {fileID: 0}
    - target: {fileID: 224721123728941780, guid: c37f2840d42d3d944810edbced8f30a4,
        type: 2}
      propertyPath: m_AnchoredPosition.y
      value: -236.21
      objectReference: {fileID: 0}
    - target: {fileID: 224721123728941780, guid: c37f2840d42d3d944810edbced8f30a4,
        type: 2}
      propertyPath: m_SizeDelta.x
      value: 684.2
      objectReference: {fileID: 0}
    - target: {fileID: 224721123728941780, guid: c37f2840d42d3d944810edbced8f30a4,
        type: 2}
      propertyPath: m_SizeDelta.y
      value: 460.72
      objectReference: {fileID: 0}
    - target: {fileID: 224721123728941780, guid: c37f2840d42d3d944810edbced8f30a4,
        type: 2}
      propertyPath: m_AnchorMin.x
      value: 0
      objectReference: {fileID: 0}
    - target: {fileID: 224721123728941780, guid: c37f2840d42d3d944810edbced8f30a4,
        type: 2}
      propertyPath: m_AnchorMin.y
      value: 1
      objectReference: {fileID: 0}
    - target: {fileID: 224721123728941780, guid: c37f2840d42d3d944810edbced8f30a4,
        type: 2}
      propertyPath: m_AnchorMax.x
      value: 0
      objectReference: {fileID: 0}
    - target: {fileID: 224721123728941780, guid: c37f2840d42d3d944810edbced8f30a4,
        type: 2}
      propertyPath: m_AnchorMax.y
      value: 1
      objectReference: {fileID: 0}
    - target: {fileID: 224721123728941780, guid: c37f2840d42d3d944810edbced8f30a4,
        type: 2}
      propertyPath: m_Pivot.x
      value: 0.5
      objectReference: {fileID: 0}
    - target: {fileID: 224721123728941780, guid: c37f2840d42d3d944810edbced8f30a4,
        type: 2}
      propertyPath: m_Pivot.y
      value: 0.5
      objectReference: {fileID: 0}
    - target: {fileID: 114549096613331142, guid: c37f2840d42d3d944810edbced8f30a4,
        type: 2}
      propertyPath: m_OnClick.m_PersistentCalls.m_Calls.Array.data[1].m_Target
      value: 
      objectReference: {fileID: 1353615918}
    m_RemovedComponents: []
  m_ParentPrefab: {fileID: 100100000, guid: c37f2840d42d3d944810edbced8f30a4, type: 2}
  m_IsPrefabParent: 0
--- !u!1 &1259181316
GameObject:
  m_ObjectHideFlags: 0
  m_PrefabParentObject: {fileID: 0}
  m_PrefabInternal: {fileID: 0}
  serializedVersion: 5
  m_Component:
  - component: {fileID: 1259181317}
  - component: {fileID: 1259181319}
  - component: {fileID: 1259181318}
  m_Layer: 5
  m_Name: Label
  m_TagString: Untagged
  m_Icon: {fileID: 0}
  m_NavMeshLayer: 0
  m_StaticEditorFlags: 0
  m_IsActive: 1
--- !u!224 &1259181317
RectTransform:
  m_ObjectHideFlags: 0
  m_PrefabParentObject: {fileID: 0}
  m_PrefabInternal: {fileID: 0}
  m_GameObject: {fileID: 1259181316}
  m_LocalRotation: {x: 0, y: 0, z: 0, w: 1}
  m_LocalPosition: {x: 0, y: 0, z: 0}
  m_LocalScale: {x: 1, y: 1, z: 1}
  m_Children: []
  m_Father: {fileID: 466154734}
  m_RootOrder: 1
  m_LocalEulerAnglesHint: {x: 0, y: 0, z: 0}
  m_AnchorMin: {x: 0, y: 0}
  m_AnchorMax: {x: 1, y: 1}
  m_AnchoredPosition: {x: 13.999992, y: -0.4999981}
  m_SizeDelta: {x: -28, y: -3}
  m_Pivot: {x: 0.5, y: 0.5}
--- !u!114 &1259181318
MonoBehaviour:
  m_ObjectHideFlags: 0
  m_PrefabParentObject: {fileID: 0}
  m_PrefabInternal: {fileID: 0}
  m_GameObject: {fileID: 1259181316}
  m_Enabled: 1
  m_EditorHideFlags: 0
  m_Script: {fileID: 708705254, guid: f70555f144d8491a825f0804e09c671c, type: 3}
  m_Name: 
  m_EditorClassIdentifier: 
  m_Material: {fileID: 0}
  m_Color: {r: 0.19607843, g: 0.19607843, b: 0.19607843, a: 1}
  m_RaycastTarget: 1
  m_OnCullStateChanged:
    m_PersistentCalls:
      m_Calls: []
    m_TypeName: UnityEngine.UI.MaskableGraphic+CullStateChangedEvent, UnityEngine.UI,
      Version=1.0.0.0, Culture=neutral, PublicKeyToken=null
  m_FontData:
    m_Font: {fileID: 10102, guid: 0000000000000000e000000000000000, type: 0}
    m_FontSize: 14
    m_FontStyle: 0
    m_BestFit: 1
    m_MinSize: 10
    m_MaxSize: 100
    m_Alignment: 0
    m_AlignByGeometry: 0
    m_RichText: 1
    m_HorizontalOverflow: 0
    m_VerticalOverflow: 0
    m_LineSpacing: 1
  m_Text: Automatic
--- !u!222 &1259181319
CanvasRenderer:
  m_ObjectHideFlags: 0
  m_PrefabParentObject: {fileID: 0}
  m_PrefabInternal: {fileID: 0}
  m_GameObject: {fileID: 1259181316}
--- !u!1 &1274101849
GameObject:
  m_ObjectHideFlags: 0
  m_PrefabParentObject: {fileID: 0}
  m_PrefabInternal: {fileID: 0}
  serializedVersion: 5
  m_Component:
  - component: {fileID: 1274101851}
  - component: {fileID: 1274101850}
  - component: {fileID: 1274101852}
  m_Layer: 0
  m_Name: GameManager
  m_TagString: Untagged
  m_Icon: {fileID: 0}
  m_NavMeshLayer: 0
  m_StaticEditorFlags: 0
  m_IsActive: 1
--- !u!114 &1274101850
MonoBehaviour:
  m_ObjectHideFlags: 0
  m_PrefabParentObject: {fileID: 0}
  m_PrefabInternal: {fileID: 0}
  m_GameObject: {fileID: 1274101849}
  m_Enabled: 1
  m_EditorHideFlags: 0
  m_Script: {fileID: 11500000, guid: 0e81107e37689644597d7329027af2e9, type: 3}
  m_Name: 
  m_EditorClassIdentifier: 
  elevatorTotal: 0
  totalMoney: 100000
  mines: []
  panel: {fileID: 1129763207}
--- !u!4 &1274101851
Transform:
  m_ObjectHideFlags: 0
  m_PrefabParentObject: {fileID: 0}
  m_PrefabInternal: {fileID: 0}
  m_GameObject: {fileID: 1274101849}
  m_LocalRotation: {x: 0, y: 0, z: 0, w: 1}
  m_LocalPosition: {x: 0.21781424, y: 1.5080786, z: -0.046875}
  m_LocalScale: {x: 1, y: 1, z: 1}
  m_Children: []
  m_Father: {fileID: 0}
  m_RootOrder: 3
  m_LocalEulerAnglesHint: {x: 0, y: 0, z: 0}
--- !u!114 &1274101852
MonoBehaviour:
  m_ObjectHideFlags: 0
  m_PrefabParentObject: {fileID: 0}
  m_PrefabInternal: {fileID: 0}
  m_GameObject: {fileID: 1274101849}
  m_Enabled: 1
  m_EditorHideFlags: 0
  m_Script: {fileID: 11500000, guid: dcc7c6fe2d73f9a43b41f993d3129b34, type: 3}
  m_Name: 
  m_EditorClassIdentifier: 
--- !u!114 &1353615918 stripped
MonoBehaviour:
  m_PrefabParentObject: {fileID: 114269668243348718, guid: 2c8b423e3a52fae4fb938909d419f46b,
    type: 2}
  m_PrefabInternal: {fileID: 1763336124}
  m_Script: {fileID: 11500000, guid: b1ab77813643e3442a704f7145ac2be7, type: 3}
--- !u!1 &1397794699
GameObject:
  m_ObjectHideFlags: 0
  m_PrefabParentObject: {fileID: 0}
  m_PrefabInternal: {fileID: 0}
  serializedVersion: 5
  m_Component:
  - component: {fileID: 1397794703}
  - component: {fileID: 1397794702}
  - component: {fileID: 1397794701}
  - component: {fileID: 1397794700}
  m_Layer: 5
  m_Name: MainCanvas
  m_TagString: Untagged
  m_Icon: {fileID: 0}
  m_NavMeshLayer: 0
  m_StaticEditorFlags: 0
  m_IsActive: 1
--- !u!114 &1397794700
MonoBehaviour:
  m_ObjectHideFlags: 0
  m_PrefabParentObject: {fileID: 0}
  m_PrefabInternal: {fileID: 0}
  m_GameObject: {fileID: 1397794699}
  m_Enabled: 1
  m_EditorHideFlags: 0
  m_Script: {fileID: 1301386320, guid: f70555f144d8491a825f0804e09c671c, type: 3}
  m_Name: 
  m_EditorClassIdentifier: 
  m_IgnoreReversedGraphics: 1
  m_BlockingObjects: 0
  m_BlockingMask:
    serializedVersion: 2
    m_Bits: 4294967295
--- !u!114 &1397794701
MonoBehaviour:
  m_ObjectHideFlags: 0
  m_PrefabParentObject: {fileID: 0}
  m_PrefabInternal: {fileID: 0}
  m_GameObject: {fileID: 1397794699}
  m_Enabled: 1
  m_EditorHideFlags: 0
  m_Script: {fileID: 1980459831, guid: f70555f144d8491a825f0804e09c671c, type: 3}
  m_Name: 
  m_EditorClassIdentifier: 
  m_UiScaleMode: 1
  m_ReferencePixelsPerUnit: 200
  m_ScaleFactor: 1
  m_ReferenceResolution: {x: 1920, y: 1080}
  m_ScreenMatchMode: 0
  m_MatchWidthOrHeight: 0
  m_PhysicalUnit: 3
  m_FallbackScreenDPI: 96
  m_DefaultSpriteDPI: 96
  m_DynamicPixelsPerUnit: 1
--- !u!223 &1397794702
Canvas:
  m_ObjectHideFlags: 0
  m_PrefabParentObject: {fileID: 0}
  m_PrefabInternal: {fileID: 0}
  m_GameObject: {fileID: 1397794699}
  m_Enabled: 1
  serializedVersion: 3
  m_RenderMode: 1
  m_Camera: {fileID: 519420031}
  m_PlaneDistance: 100
  m_PixelPerfect: 0
  m_ReceivesEvents: 1
  m_OverrideSorting: 0
  m_OverridePixelPerfect: 0
  m_SortingBucketNormalizedSize: 0
  m_AdditionalShaderChannelsFlag: 0
  m_SortingLayerID: 0
  m_SortingOrder: 0
  m_TargetDisplay: 0
--- !u!224 &1397794703
RectTransform:
  m_ObjectHideFlags: 0
  m_PrefabParentObject: {fileID: 0}
  m_PrefabInternal: {fileID: 0}
  m_GameObject: {fileID: 1397794699}
  m_LocalRotation: {x: 0, y: 0, z: 0, w: 1}
  m_LocalPosition: {x: 0, y: 0, z: 0}
  m_LocalScale: {x: 0, y: 0, z: 0}
  m_Children:
  - {fileID: 2119886899}
  - {fileID: 1629764417}
  - {fileID: 1967992933}
  - {fileID: 1129763208}
  m_Father: {fileID: 0}
  m_RootOrder: 1
  m_LocalEulerAnglesHint: {x: 0, y: 0, z: 0}
  m_AnchorMin: {x: 0, y: 0}
  m_AnchorMax: {x: 0, y: 0}
  m_AnchoredPosition: {x: 0, y: 0}
  m_SizeDelta: {x: 0, y: 0}
  m_Pivot: {x: 0, y: 0}
--- !u!1 &1598163379
GameObject:
  m_ObjectHideFlags: 0
  m_PrefabParentObject: {fileID: 0}
  m_PrefabInternal: {fileID: 0}
  serializedVersion: 5
  m_Component:
  - component: {fileID: 1598163382}
  - component: {fileID: 1598163381}
  - component: {fileID: 1598163380}
  m_Layer: 0
  m_Name: EventSystem
  m_TagString: Untagged
  m_Icon: {fileID: 0}
  m_NavMeshLayer: 0
  m_StaticEditorFlags: 0
  m_IsActive: 1
--- !u!114 &1598163380
MonoBehaviour:
  m_ObjectHideFlags: 0
  m_PrefabParentObject: {fileID: 0}
  m_PrefabInternal: {fileID: 0}
  m_GameObject: {fileID: 1598163379}
  m_Enabled: 1
  m_EditorHideFlags: 0
  m_Script: {fileID: 1077351063, guid: f70555f144d8491a825f0804e09c671c, type: 3}
  m_Name: 
  m_EditorClassIdentifier: 
  m_HorizontalAxis: Horizontal
  m_VerticalAxis: Vertical
  m_SubmitButton: Submit
  m_CancelButton: Cancel
  m_InputActionsPerSecond: 10
  m_RepeatDelay: 0.5
  m_ForceModuleActive: 0
--- !u!114 &1598163381
MonoBehaviour:
  m_ObjectHideFlags: 0
  m_PrefabParentObject: {fileID: 0}
  m_PrefabInternal: {fileID: 0}
  m_GameObject: {fileID: 1598163379}
  m_Enabled: 1
  m_EditorHideFlags: 0
  m_Script: {fileID: -619905303, guid: f70555f144d8491a825f0804e09c671c, type: 3}
  m_Name: 
  m_EditorClassIdentifier: 
  m_FirstSelected: {fileID: 0}
  m_sendNavigationEvents: 1
  m_DragThreshold: 10
--- !u!4 &1598163382
Transform:
  m_ObjectHideFlags: 0
  m_PrefabParentObject: {fileID: 0}
  m_PrefabInternal: {fileID: 0}
  m_GameObject: {fileID: 1598163379}
  m_LocalRotation: {x: 0, y: 0, z: 0, w: 1}
  m_LocalPosition: {x: 0, y: 0, z: 0}
  m_LocalScale: {x: 1, y: 1, z: 1}
  m_Children: []
  m_Father: {fileID: 0}
  m_RootOrder: 2
  m_LocalEulerAnglesHint: {x: 0, y: 0, z: 0}
--- !u!224 &1629764417 stripped
RectTransform:
  m_PrefabParentObject: {fileID: 224783700323096152, guid: 2c8b423e3a52fae4fb938909d419f46b,
    type: 2}
  m_PrefabInternal: {fileID: 1763336124}
--- !u!1001 &1763336124
Prefab:
  m_ObjectHideFlags: 0
  serializedVersion: 2
  m_Modification:
    m_TransformParent: {fileID: 1397794703}
    m_Modifications:
    - target: {fileID: 114629055885246978, guid: 2c8b423e3a52fae4fb938909d419f46b,
        type: 2}
      propertyPath: m_OnClick.m_PersistentCalls.m_Calls.Array.size
      value: 2
      objectReference: {fileID: 0}
    - target: {fileID: 224783700323096152, guid: 2c8b423e3a52fae4fb938909d419f46b,
        type: 2}
      propertyPath: m_LocalPosition.x
      value: 0
      objectReference: {fileID: 0}
    - target: {fileID: 224783700323096152, guid: 2c8b423e3a52fae4fb938909d419f46b,
        type: 2}
      propertyPath: m_LocalPosition.y
      value: 0
      objectReference: {fileID: 0}
    - target: {fileID: 224783700323096152, guid: 2c8b423e3a52fae4fb938909d419f46b,
        type: 2}
      propertyPath: m_LocalPosition.z
      value: 0
      objectReference: {fileID: 0}
    - target: {fileID: 224783700323096152, guid: 2c8b423e3a52fae4fb938909d419f46b,
        type: 2}
      propertyPath: m_LocalRotation.x
      value: -0
      objectReference: {fileID: 0}
    - target: {fileID: 224783700323096152, guid: 2c8b423e3a52fae4fb938909d419f46b,
        type: 2}
      propertyPath: m_LocalRotation.y
      value: -0
      objectReference: {fileID: 0}
    - target: {fileID: 224783700323096152, guid: 2c8b423e3a52fae4fb938909d419f46b,
        type: 2}
      propertyPath: m_LocalRotation.z
      value: -0
      objectReference: {fileID: 0}
    - target: {fileID: 224783700323096152, guid: 2c8b423e3a52fae4fb938909d419f46b,
        type: 2}
      propertyPath: m_LocalRotation.w
      value: 1
      objectReference: {fileID: 0}
    - target: {fileID: 224783700323096152, guid: 2c8b423e3a52fae4fb938909d419f46b,
        type: 2}
      propertyPath: m_RootOrder
      value: 1
      objectReference: {fileID: 0}
    - target: {fileID: 224783700323096152, guid: 2c8b423e3a52fae4fb938909d419f46b,
        type: 2}
      propertyPath: m_AnchoredPosition.x
      value: 1300.9
      objectReference: {fileID: 0}
    - target: {fileID: 224783700323096152, guid: 2c8b423e3a52fae4fb938909d419f46b,
        type: 2}
      propertyPath: m_AnchoredPosition.y
      value: -236.3
      objectReference: {fileID: 0}
    - target: {fileID: 224783700323096152, guid: 2c8b423e3a52fae4fb938909d419f46b,
        type: 2}
      propertyPath: m_SizeDelta.x
      value: 1206.6
      objectReference: {fileID: 0}
    - target: {fileID: 224783700323096152, guid: 2c8b423e3a52fae4fb938909d419f46b,
        type: 2}
      propertyPath: m_SizeDelta.y
      value: 460.9
      objectReference: {fileID: 0}
    - target: {fileID: 224783700323096152, guid: 2c8b423e3a52fae4fb938909d419f46b,
        type: 2}
      propertyPath: m_AnchorMin.x
      value: 0
      objectReference: {fileID: 0}
    - target: {fileID: 224783700323096152, guid: 2c8b423e3a52fae4fb938909d419f46b,
        type: 2}
      propertyPath: m_AnchorMin.y
      value: 1
      objectReference: {fileID: 0}
    - target: {fileID: 224783700323096152, guid: 2c8b423e3a52fae4fb938909d419f46b,
        type: 2}
      propertyPath: m_AnchorMax.x
      value: 0
      objectReference: {fileID: 0}
    - target: {fileID: 224783700323096152, guid: 2c8b423e3a52fae4fb938909d419f46b,
        type: 2}
      propertyPath: m_AnchorMax.y
      value: 1
      objectReference: {fileID: 0}
    - target: {fileID: 224783700323096152, guid: 2c8b423e3a52fae4fb938909d419f46b,
        type: 2}
      propertyPath: m_Pivot.x
      value: 0.5
      objectReference: {fileID: 0}
    - target: {fileID: 224783700323096152, guid: 2c8b423e3a52fae4fb938909d419f46b,
        type: 2}
      propertyPath: m_Pivot.y
      value: 0.5
      objectReference: {fileID: 0}
    - target: {fileID: 114570912227439802, guid: 2c8b423e3a52fae4fb938909d419f46b,
        type: 2}
      propertyPath: automated
      value: 1
      objectReference: {fileID: 0}
    - target: {fileID: 114585330478699634, guid: 2c8b423e3a52fae4fb938909d419f46b,
        type: 2}
      propertyPath: m_RaycastTarget
      value: 0
      objectReference: {fileID: 0}
    - target: {fileID: 114629055885246978, guid: 2c8b423e3a52fae4fb938909d419f46b,
        type: 2}
      propertyPath: m_OnClick.m_PersistentCalls.m_Calls.Array.data[2].m_Mode
      value: 2
      objectReference: {fileID: 0}
    - target: {fileID: 114629055885246978, guid: 2c8b423e3a52fae4fb938909d419f46b,
        type: 2}
      propertyPath: m_OnClick.m_PersistentCalls.m_Calls.Array.data[2].m_CallState
      value: 2
      objectReference: {fileID: 0}
    - target: {fileID: 114629055885246978, guid: 2c8b423e3a52fae4fb938909d419f46b,
        type: 2}
      propertyPath: m_OnClick.m_PersistentCalls.m_Calls.Array.data[2].m_Target
      value: 
      objectReference: {fileID: 1129763212}
    - target: {fileID: 114629055885246978, guid: 2c8b423e3a52fae4fb938909d419f46b,
        type: 2}
      propertyPath: m_OnClick.m_PersistentCalls.m_Calls.Array.data[2].m_MethodName
      value: GetPanel
      objectReference: {fileID: 0}
    - target: {fileID: 114629055885246978, guid: 2c8b423e3a52fae4fb938909d419f46b,
        type: 2}
      propertyPath: m_OnClick.m_PersistentCalls.m_Calls.Array.data[2].m_Arguments.m_ObjectArgumentAssemblyTypeName
      value: UnityEngine.GameObject, UnityEngine
      objectReference: {fileID: 0}
    - target: {fileID: 114629055885246978, guid: 2c8b423e3a52fae4fb938909d419f46b,
        type: 2}
      propertyPath: m_OnClick.m_PersistentCalls.m_Calls.Array.data[2].m_Arguments.m_ObjectArgument
      value: 
      objectReference: {fileID: 994578423}
    - target: {fileID: 224499176783484196, guid: 2c8b423e3a52fae4fb938909d419f46b,
        type: 2}
      propertyPath: m_AnchorMin.x
      value: 0
      objectReference: {fileID: 0}
    - target: {fileID: 224499176783484196, guid: 2c8b423e3a52fae4fb938909d419f46b,
        type: 2}
      propertyPath: m_AnchorMin.y
      value: 0
      objectReference: {fileID: 0}
    - target: {fileID: 224499176783484196, guid: 2c8b423e3a52fae4fb938909d419f46b,
        type: 2}
      propertyPath: m_AnchorMax.x
      value: 1
      objectReference: {fileID: 0}
    - target: {fileID: 224499176783484196, guid: 2c8b423e3a52fae4fb938909d419f46b,
        type: 2}
      propertyPath: m_AnchorMax.y
      value: 1
      objectReference: {fileID: 0}
    - target: {fileID: 224499176783484196, guid: 2c8b423e3a52fae4fb938909d419f46b,
        type: 2}
      propertyPath: m_AnchoredPosition.y
      value: -0.000015258789
      objectReference: {fileID: 0}
    - target: {fileID: 224499176783484196, guid: 2c8b423e3a52fae4fb938909d419f46b,
        type: 2}
      propertyPath: m_SizeDelta.x
      value: 0
      objectReference: {fileID: 0}
    - target: {fileID: 224499176783484196, guid: 2c8b423e3a52fae4fb938909d419f46b,
        type: 2}
      propertyPath: m_SizeDelta.y
      value: 0
      objectReference: {fileID: 0}
    - target: {fileID: 224044138986222460, guid: 2c8b423e3a52fae4fb938909d419f46b,
        type: 2}
      propertyPath: m_AnchorMin.x
      value: 0.5
      objectReference: {fileID: 0}
    - target: {fileID: 224044138986222460, guid: 2c8b423e3a52fae4fb938909d419f46b,
        type: 2}
      propertyPath: m_AnchorMin.y
      value: 0.5
      objectReference: {fileID: 0}
    - target: {fileID: 224044138986222460, guid: 2c8b423e3a52fae4fb938909d419f46b,
        type: 2}
      propertyPath: m_AnchorMax.x
      value: 0.5
      objectReference: {fileID: 0}
    - target: {fileID: 224044138986222460, guid: 2c8b423e3a52fae4fb938909d419f46b,
        type: 2}
      propertyPath: m_AnchorMax.y
      value: 0.5
      objectReference: {fileID: 0}
    - target: {fileID: 224044138986222460, guid: 2c8b423e3a52fae4fb938909d419f46b,
        type: 2}
      propertyPath: m_AnchoredPosition.x
      value: -484.74
      objectReference: {fileID: 0}
    - target: {fileID: 224044138986222460, guid: 2c8b423e3a52fae4fb938909d419f46b,
        type: 2}
      propertyPath: m_AnchoredPosition.y
      value: 46.050026
      objectReference: {fileID: 0}
    - target: {fileID: 224024886364717518, guid: 2c8b423e3a52fae4fb938909d419f46b,
        type: 2}
      propertyPath: m_AnchoredPosition.x
      value: -340.3
      objectReference: {fileID: 0}
    - target: {fileID: 224024886364717518, guid: 2c8b423e3a52fae4fb938909d419f46b,
        type: 2}
      propertyPath: m_AnchoredPosition.y
      value: 172
      objectReference: {fileID: 0}
    - target: {fileID: 224055507009898376, guid: 2c8b423e3a52fae4fb938909d419f46b,
        type: 2}
      propertyPath: m_AnchoredPosition.x
      value: 208
      objectReference: {fileID: 0}
    - target: {fileID: 224055507009898376, guid: 2c8b423e3a52fae4fb938909d419f46b,
        type: 2}
      propertyPath: m_AnchoredPosition.y
      value: -60
      objectReference: {fileID: 0}
    - target: {fileID: 224502515726919140, guid: 2c8b423e3a52fae4fb938909d419f46b,
        type: 2}
      propertyPath: m_AnchoredPosition.x
      value: -289
      objectReference: {fileID: 0}
    - target: {fileID: 224502515726919140, guid: 2c8b423e3a52fae4fb938909d419f46b,
        type: 2}
      propertyPath: m_AnchoredPosition.y
      value: 46.050026
      objectReference: {fileID: 0}
    - target: {fileID: 224255243244882020, guid: 2c8b423e3a52fae4fb938909d419f46b,
        type: 2}
      propertyPath: m_AnchoredPosition.x
      value: -371.99
      objectReference: {fileID: 0}
    - target: {fileID: 224255243244882020, guid: 2c8b423e3a52fae4fb938909d419f46b,
        type: 2}
      propertyPath: m_AnchoredPosition.y
      value: -185.3
      objectReference: {fileID: 0}
    - target: {fileID: 224242355682912448, guid: 2c8b423e3a52fae4fb938909d419f46b,
        type: 2}
      propertyPath: m_AnchoredPosition.x
      value: 1102.7001
      objectReference: {fileID: 0}
    - target: {fileID: 224242355682912448, guid: 2c8b423e3a52fae4fb938909d419f46b,
        type: 2}
      propertyPath: m_AnchoredPosition.y
      value: -33.050034
      objectReference: {fileID: 0}
    - target: {fileID: 224499176783484196, guid: 2c8b423e3a52fae4fb938909d419f46b,
        type: 2}
      propertyPath: m_AnchoredPosition.x
      value: 0.000061035156
      objectReference: {fileID: 0}
    - target: {fileID: 114191367960112486, guid: 2c8b423e3a52fae4fb938909d419f46b,
        type: 2}
      propertyPath: m_Text
      value: Level 1
      objectReference: {fileID: 0}
    - target: {fileID: 224242355682912448, guid: 2c8b423e3a52fae4fb938909d419f46b,
        type: 2}
      propertyPath: m_LocalScale.x
      value: 1.0002215
      objectReference: {fileID: 0}
    - target: {fileID: 224242355682912448, guid: 2c8b423e3a52fae4fb938909d419f46b,
        type: 2}
      propertyPath: m_LocalScale.y
      value: 1.0002215
      objectReference: {fileID: 0}
    - target: {fileID: 224242355682912448, guid: 2c8b423e3a52fae4fb938909d419f46b,
        type: 2}
      propertyPath: m_LocalScale.z
      value: 1.0002215
      objectReference: {fileID: 0}
    - target: {fileID: 224242355682912448, guid: 2c8b423e3a52fae4fb938909d419f46b,
        type: 2}
      propertyPath: m_AnchorMin.x
      value: 0
      objectReference: {fileID: 0}
    - target: {fileID: 224242355682912448, guid: 2c8b423e3a52fae4fb938909d419f46b,
        type: 2}
      propertyPath: m_AnchorMin.y
      value: 1
      objectReference: {fileID: 0}
    - target: {fileID: 224242355682912448, guid: 2c8b423e3a52fae4fb938909d419f46b,
        type: 2}
      propertyPath: m_AnchorMax.x
      value: 0
      objectReference: {fileID: 0}
    - target: {fileID: 224242355682912448, guid: 2c8b423e3a52fae4fb938909d419f46b,
        type: 2}
      propertyPath: m_AnchorMax.y
      value: 1
      objectReference: {fileID: 0}
    - target: {fileID: 224242355682912448, guid: 2c8b423e3a52fae4fb938909d419f46b,
        type: 2}
      propertyPath: m_SizeDelta.x
      value: 207.8
      objectReference: {fileID: 0}
    - target: {fileID: 224242355682912448, guid: 2c8b423e3a52fae4fb938909d419f46b,
        type: 2}
      propertyPath: m_SizeDelta.y
      value: 66.1
      objectReference: {fileID: 0}
    - target: {fileID: 224502515726919140, guid: 2c8b423e3a52fae4fb938909d419f46b,
        type: 2}
      propertyPath: m_LocalScale.x
      value: 1.0003148
      objectReference: {fileID: 0}
    - target: {fileID: 224502515726919140, guid: 2c8b423e3a52fae4fb938909d419f46b,
        type: 2}
      propertyPath: m_LocalScale.y
      value: 1.0003148
      objectReference: {fileID: 0}
    - target: {fileID: 224502515726919140, guid: 2c8b423e3a52fae4fb938909d419f46b,
        type: 2}
      propertyPath: m_LocalScale.z
      value: 1.0003148
      objectReference: {fileID: 0}
    - target: {fileID: 224502515726919140, guid: 2c8b423e3a52fae4fb938909d419f46b,
        type: 2}
      propertyPath: m_SizeDelta.x
      value: 174.5
      objectReference: {fileID: 0}
    - target: {fileID: 224502515726919140, guid: 2c8b423e3a52fae4fb938909d419f46b,
        type: 2}
      propertyPath: m_SizeDelta.y
      value: 151.9
      objectReference: {fileID: 0}
    - target: {fileID: 224315496850459212, guid: 2c8b423e3a52fae4fb938909d419f46b,
        type: 2}
      propertyPath: m_AnchoredPosition.x
      value: 1.0999985
      objectReference: {fileID: 0}
    - target: {fileID: 224315496850459212, guid: 2c8b423e3a52fae4fb938909d419f46b,
        type: 2}
      propertyPath: m_AnchoredPosition.y
      value: 0.000015258789
      objectReference: {fileID: 0}
    - target: {fileID: 224315496850459212, guid: 2c8b423e3a52fae4fb938909d419f46b,
        type: 2}
      propertyPath: m_SizeDelta.y
      value: 0
      objectReference: {fileID: 0}
    - target: {fileID: 224315496850459212, guid: 2c8b423e3a52fae4fb938909d419f46b,
        type: 2}
      propertyPath: m_SizeDelta.x
      value: -31.3
      objectReference: {fileID: 0}
    - target: {fileID: 224055507009898376, guid: 2c8b423e3a52fae4fb938909d419f46b,
        type: 2}
      propertyPath: m_SizeDelta.x
      value: 739
      objectReference: {fileID: 0}
    m_RemovedComponents: []
  m_ParentPrefab: {fileID: 100100000, guid: 2c8b423e3a52fae4fb938909d419f46b, type: 2}
  m_IsPrefabParent: 0
--- !u!1001 &1850736028
Prefab:
  m_ObjectHideFlags: 0
  serializedVersion: 2
  m_Modification:
    m_TransformParent: {fileID: 1397794703}
    m_Modifications:
    - target: {fileID: 224789556845081270, guid: 96d48c84d794d96458324bebfb3b953e,
        type: 2}
      propertyPath: m_LocalPosition.x
      value: 0
      objectReference: {fileID: 0}
    - target: {fileID: 224789556845081270, guid: 96d48c84d794d96458324bebfb3b953e,
        type: 2}
      propertyPath: m_LocalPosition.y
      value: 0
      objectReference: {fileID: 0}
    - target: {fileID: 224789556845081270, guid: 96d48c84d794d96458324bebfb3b953e,
        type: 2}
      propertyPath: m_LocalPosition.z
      value: 0
      objectReference: {fileID: 0}
    - target: {fileID: 224789556845081270, guid: 96d48c84d794d96458324bebfb3b953e,
        type: 2}
      propertyPath: m_LocalRotation.x
      value: -0
      objectReference: {fileID: 0}
    - target: {fileID: 224789556845081270, guid: 96d48c84d794d96458324bebfb3b953e,
        type: 2}
      propertyPath: m_LocalRotation.y
      value: -0
      objectReference: {fileID: 0}
    - target: {fileID: 224789556845081270, guid: 96d48c84d794d96458324bebfb3b953e,
        type: 2}
      propertyPath: m_LocalRotation.z
      value: -0
      objectReference: {fileID: 0}
    - target: {fileID: 224789556845081270, guid: 96d48c84d794d96458324bebfb3b953e,
        type: 2}
      propertyPath: m_LocalRotation.w
      value: 1
      objectReference: {fileID: 0}
    - target: {fileID: 224789556845081270, guid: 96d48c84d794d96458324bebfb3b953e,
        type: 2}
      propertyPath: m_RootOrder
      value: 3
      objectReference: {fileID: 0}
    - target: {fileID: 224789556845081270, guid: 96d48c84d794d96458324bebfb3b953e,
        type: 2}
      propertyPath: m_AnchoredPosition.x
      value: -1338
      objectReference: {fileID: 0}
    - target: {fileID: 224789556845081270, guid: 96d48c84d794d96458324bebfb3b953e,
        type: 2}
      propertyPath: m_AnchoredPosition.y
      value: 52
      objectReference: {fileID: 0}
    - target: {fileID: 224789556845081270, guid: 96d48c84d794d96458324bebfb3b953e,
        type: 2}
      propertyPath: m_SizeDelta.x
      value: -1500.9
      objectReference: {fileID: 0}
    - target: {fileID: 224789556845081270, guid: 96d48c84d794d96458324bebfb3b953e,
        type: 2}
      propertyPath: m_SizeDelta.y
      value: -749.2
      objectReference: {fileID: 0}
    - target: {fileID: 224789556845081270, guid: 96d48c84d794d96458324bebfb3b953e,
        type: 2}
      propertyPath: m_AnchorMin.x
      value: 0
      objectReference: {fileID: 0}
    - target: {fileID: 224789556845081270, guid: 96d48c84d794d96458324bebfb3b953e,
        type: 2}
      propertyPath: m_AnchorMin.y
      value: 0
      objectReference: {fileID: 0}
    - target: {fileID: 224789556845081270, guid: 96d48c84d794d96458324bebfb3b953e,
        type: 2}
      propertyPath: m_AnchorMax.x
      value: 1
      objectReference: {fileID: 0}
    - target: {fileID: 224789556845081270, guid: 96d48c84d794d96458324bebfb3b953e,
        type: 2}
      propertyPath: m_AnchorMax.y
      value: 1
      objectReference: {fileID: 0}
    - target: {fileID: 224789556845081270, guid: 96d48c84d794d96458324bebfb3b953e,
        type: 2}
      propertyPath: m_Pivot.x
      value: 0.5
      objectReference: {fileID: 0}
    - target: {fileID: 224789556845081270, guid: 96d48c84d794d96458324bebfb3b953e,
        type: 2}
      propertyPath: m_Pivot.y
      value: 0.5
      objectReference: {fileID: 0}
    - target: {fileID: 224146152005493322, guid: 96d48c84d794d96458324bebfb3b953e,
        type: 2}
      propertyPath: m_AnchorMin.y
      value: 0
      objectReference: {fileID: 0}
    - target: {fileID: 224146152005493322, guid: 96d48c84d794d96458324bebfb3b953e,
        type: 2}
      propertyPath: m_AnchorMax.y
      value: 0
      objectReference: {fileID: 0}
    - target: {fileID: 224146152005493322, guid: 96d48c84d794d96458324bebfb3b953e,
        type: 2}
      propertyPath: m_AnchoredPosition.x
      value: 0
      objectReference: {fileID: 0}
    - target: {fileID: 224146152005493322, guid: 96d48c84d794d96458324bebfb3b953e,
        type: 2}
      propertyPath: m_AnchoredPosition.y
      value: 0
      objectReference: {fileID: 0}
    - target: {fileID: 224143708473160680, guid: 96d48c84d794d96458324bebfb3b953e,
        type: 2}
      propertyPath: m_AnchorMin.y
      value: 0
      objectReference: {fileID: 0}
    - target: {fileID: 224143708473160680, guid: 96d48c84d794d96458324bebfb3b953e,
        type: 2}
      propertyPath: m_AnchorMax.y
      value: 0
      objectReference: {fileID: 0}
    - target: {fileID: 224143708473160680, guid: 96d48c84d794d96458324bebfb3b953e,
        type: 2}
      propertyPath: m_AnchoredPosition.x
      value: 0
      objectReference: {fileID: 0}
    - target: {fileID: 224143708473160680, guid: 96d48c84d794d96458324bebfb3b953e,
        type: 2}
      propertyPath: m_AnchoredPosition.y
      value: 0
      objectReference: {fileID: 0}
    - target: {fileID: 224440735682998542, guid: 96d48c84d794d96458324bebfb3b953e,
        type: 2}
      propertyPath: m_AnchorMin.y
      value: 0
      objectReference: {fileID: 0}
    - target: {fileID: 224440735682998542, guid: 96d48c84d794d96458324bebfb3b953e,
        type: 2}
      propertyPath: m_AnchorMax.y
      value: 0
      objectReference: {fileID: 0}
    - target: {fileID: 224440735682998542, guid: 96d48c84d794d96458324bebfb3b953e,
        type: 2}
      propertyPath: m_AnchoredPosition.x
      value: 0
      objectReference: {fileID: 0}
    - target: {fileID: 224440735682998542, guid: 96d48c84d794d96458324bebfb3b953e,
        type: 2}
      propertyPath: m_AnchoredPosition.y
      value: 0
      objectReference: {fileID: 0}
    - target: {fileID: 224539145620198626, guid: 96d48c84d794d96458324bebfb3b953e,
        type: 2}
      propertyPath: m_AnchorMin.y
      value: 0
      objectReference: {fileID: 0}
    - target: {fileID: 224539145620198626, guid: 96d48c84d794d96458324bebfb3b953e,
        type: 2}
      propertyPath: m_AnchorMax.y
      value: 0
      objectReference: {fileID: 0}
    - target: {fileID: 224539145620198626, guid: 96d48c84d794d96458324bebfb3b953e,
        type: 2}
      propertyPath: m_AnchoredPosition.x
      value: 0
      objectReference: {fileID: 0}
    - target: {fileID: 224539145620198626, guid: 96d48c84d794d96458324bebfb3b953e,
        type: 2}
      propertyPath: m_AnchoredPosition.y
      value: 0
      objectReference: {fileID: 0}
    m_RemovedComponents: []
  m_ParentPrefab: {fileID: 100100000, guid: 96d48c84d794d96458324bebfb3b953e, type: 2}
  m_IsPrefabParent: 0
--- !u!224 &1967992933 stripped
RectTransform:
  m_PrefabParentObject: {fileID: 224256988466993562, guid: 4446d11d5ff95f540a30fa0e745059aa,
    type: 2}
  m_PrefabInternal: {fileID: 252387485}
--- !u!1 &1986381768
GameObject:
  m_ObjectHideFlags: 0
  m_PrefabParentObject: {fileID: 0}
  m_PrefabInternal: {fileID: 0}
  serializedVersion: 5
  m_Component:
  - component: {fileID: 1986381769}
  - component: {fileID: 1986381771}
  - component: {fileID: 1986381770}
  m_Layer: 5
  m_Name: Background
  m_TagString: Untagged
  m_Icon: {fileID: 0}
  m_NavMeshLayer: 0
  m_StaticEditorFlags: 0
  m_IsActive: 1
--- !u!224 &1986381769
RectTransform:
  m_ObjectHideFlags: 0
  m_PrefabParentObject: {fileID: 0}
  m_PrefabInternal: {fileID: 0}
  m_GameObject: {fileID: 1986381768}
  m_LocalRotation: {x: 0, y: 0, z: 0, w: 1}
  m_LocalPosition: {x: 0, y: 0, z: 0}
  m_LocalScale: {x: 1, y: 1, z: 1}
  m_Children:
  - {fileID: 297942416}
  m_Father: {fileID: 466154734}
  m_RootOrder: 0
  m_LocalEulerAnglesHint: {x: 0, y: 0, z: 0}
  m_AnchorMin: {x: 0, y: 1}
  m_AnchorMax: {x: 0, y: 1}
  m_AnchoredPosition: {x: 10, y: -24.840004}
  m_SizeDelta: {x: 40, y: 40}
  m_Pivot: {x: 0.5, y: 0.5}
--- !u!114 &1986381770
MonoBehaviour:
  m_ObjectHideFlags: 0
  m_PrefabParentObject: {fileID: 0}
  m_PrefabInternal: {fileID: 0}
  m_GameObject: {fileID: 1986381768}
  m_Enabled: 1
  m_EditorHideFlags: 0
  m_Script: {fileID: -765806418, guid: f70555f144d8491a825f0804e09c671c, type: 3}
  m_Name: 
  m_EditorClassIdentifier: 
  m_Material: {fileID: 0}
  m_Color: {r: 1, g: 1, b: 1, a: 1}
  m_RaycastTarget: 1
  m_OnCullStateChanged:
    m_PersistentCalls:
      m_Calls: []
    m_TypeName: UnityEngine.UI.MaskableGraphic+CullStateChangedEvent, UnityEngine.UI,
      Version=1.0.0.0, Culture=neutral, PublicKeyToken=null
  m_Sprite: {fileID: 10905, guid: 0000000000000000f000000000000000, type: 0}
  m_Type: 1
  m_PreserveAspect: 0
  m_FillCenter: 1
  m_FillMethod: 4
  m_FillAmount: 1
  m_FillClockwise: 1
  m_FillOrigin: 0
--- !u!222 &1986381771
CanvasRenderer:
  m_ObjectHideFlags: 0
  m_PrefabParentObject: {fileID: 0}
  m_PrefabInternal: {fileID: 0}
  m_GameObject: {fileID: 1986381768}
--- !u!224 &2119886899 stripped
RectTransform:
  m_PrefabParentObject: {fileID: 224721123728941780, guid: c37f2840d42d3d944810edbced8f30a4,
    type: 2}
  m_PrefabInternal: {fileID: 1207450594}
